
@article{Boveia2018,
   title={Dark Matter Searches at Colliders},
   volume={68},
   ISSN={1545-4134},
   url={http://dx.doi.org/10.1146/annurev-nucl-101917-021008},
   DOI={10.1146/annurev-nucl-101917-021008},
   number={1},
   journal={Annual Review of Nuclear and Particle Science},
   publisher={Annual Reviews},
   author={Boveia, Antonio and Doglioni, Caterina},
   year={2018},
   month= oct,
   pages={429–459}
}

@ARTICLE{Frenk1983,
       author = {{Frenk}, C.~S. and {White}, S.~D.~M. and {Davis}, M.},
        title = {Nonlinear evolution of large-scale structure in the universe},
      journal = {The Astrophysical Journal},
     keywords = {Astronomical Models, Cosmology, Galactic Evolution, Correlation, Many Body Problem, Neutrinos, Poisson Density Functions, Quasars, Temporal Distribution, Velocity Distribution, Astrophysics},
         year = 1983,
        month = aug,
       volume = {271},
        pages = {417-430},
          doi = {10.1086/161209},
       adsurl = {https://ui.adsabs.harvard.edu/abs/1983ApJ...271..417F},
      adsnote = {Provided by the SAO/NASA Astrophysics Data System}
}

@ARTICLE{Navarro1996,
       author = {{Navarro}, Julio F. and {Frenk}, Carlos S. and {White}, Simon D.~M.},
        title = {The Structure of Cold Dark Matter Halos},
      journal = {The Astrophysical Journal},
     keywords = {COSMOLOGY: THEORY, COSMOLOGY: DARK MATTER, GALAXIES: HALOS, METHODS: NUMERICAL, Astrophysics},
         year = 1996,
        month = may,
       volume = {462},
        pages = {563},
          doi = {10.1086/177173},
archivePrefix = {arXiv},
       eprint = {astro-ph/9508025},
 primaryClass = {astro-ph},
       adsurl = {https://ui.adsabs.harvard.edu/abs/1996ApJ...462..563N},
      adsnote = {Provided by the SAO/NASA Astrophysics Data System}
}

@ARTICLE{Behroozi2013,
       author = {{Behroozi}, Peter S. and {Wechsler}, Risa H. and {Conroy}, Charlie},
        title = {The Average Star Formation Histories of Galaxies in Dark Matter Halos from z = 0-8},
      journal = {The Astrophysical Journal},
     keywords = {dark matter, galaxies: abundances, galaxies: evolution, methods: numerical, Astrophysics - Cosmology and Extragalactic Astrophysics},
         year = 2013,
        month = jun,
       volume = {770},
       number = {1},
          eid = {57},
        pages = {57},
          doi = {10.1088/0004-637X/770/1/57},
archivePrefix = {arXiv},
       eprint = {1207.6105},
 primaryClass = {astro-ph.CO},
       adsurl = {https://ui.adsabs.harvard.edu/abs/2013ApJ...770...57B},
      adsnote = {Provided by the SAO/NASA Astrophysics Data System}
}

@article{Moster2012,
   title={Galactic star formation and accretion histories from matching galaxies to dark matter haloes},
   volume={428},
   ISSN={1365-2966},
   url={http://dx.doi.org/10.1093/mnras/sts261},
   DOI={10.1093/mnras/sts261},
   number={4},
   journal={Monthly Notices of the Royal Astronomical Society},
   publisher={Oxford University Press (OUP)},
   author={Moster, Benjamin P. and Naab, Thorsten and White, Simon D. M.},
   year={2012},
   month=dec,
   pages={3121–3138}
}

@ARTICLE{TullyFisher1977,
       author = {{Tully}, R.~B. and {Fisher}, J.~R.},
        title = "{Reprint of 1977A\&A....54..661T. A new method of determining distance to galaxies.}",
      journal = {The Astrophysical Journal},
     keywords = {Distance Measuring Equipment, H Lines, Luminous Intensity, Spectral Line Width, Spiral Galaxies, Telescopes, Astronomical Photometry, Calibrating, Galactic Clusters, Galactic Structure, Hubble Diagram, Synoptic Measurement, Astronomy},
         year = 1977,
        month = feb,
       volume = {500},
        pages = {105-117},
       adsurl = {https://ui.adsabs.harvard.edu/abs/1977A\&A....54..661T},
      adsnote = {Provided by the SAO/NASA Astrophysics Data System}
}

@ARTICLE{FaberJackson1976,
       author = {{Faber}, S.~M. and {Jackson}, R.~E.},
        title = "{Velocity dispersions and mass-to-light ratios for elliptical galaxies.}",
      journal = {The Astrophysical Journal},
     keywords = {Elliptical Galaxies, Galactic Nuclei, Mass To Light Ratios, Power Spectra, Velocity Distribution, Astronomical Spectroscopy, Data Reduction, Light (Visible Radiation), M Stars, Noise Spectra, Spectral Line Width, Astrophysics},
         year = 1976,
        month = mar,
       volume = {204},
        pages = {668-683},
          doi = {10.1086/154215},
       adsurl = {https://ui.adsabs.harvard.edu/abs/1976ApJ...204..668F},
      adsnote = {Provided by the SAO/NASA Astrophysics Data System}
}

@ARTICLE{Djorgovski1987,
       author = {{Djorgovski}, S. and {Davis}, Marc},
        title = "{Fundamental Properties of Elliptical Galaxies}",
      journal = {The Astrophysical Journal},
     keywords = {Astronomical Photometry, Elliptical Galaxies, Galactic Rotation, Galactic Structure, Cosmology, Galactic Evolution, Mass To Light Ratios, Velocity Distribution, Astrophysics, COSMOLOGY, GALAXIES: INTERNAL MOTIONS, GALAXIES: PHOTOMETRY, GALAXIES: STRUCTURE},
         year = 1987,
        month = feb,
       volume = {313},
        pages = {59},
          doi = {10.1086/164948},
       adsurl = {https://ui.adsabs.harvard.edu/abs/1987ApJ...313...59D},
      adsnote = {Provided by the SAO/NASA Astrophysics Data System}
}

@ARTICLE{Hubble1926,
       author = {{Hubble}, E.~P.},
        title = "{Extragalactic nebulae.}",
      journal = {The Astrophysical Journal},
         year = 1926,
        month = dec,
       volume = {64},
        pages = {321-369},
          doi = {10.1086/143018},
       adsurl = {https://ui.adsabs.harvard.edu/abs/1926ApJ....64..321H},
      adsnote = {Provided by the SAO/NASA Astrophysics Data System}
}

@article{Weinberger2016,
   title={Simulating galaxy formation with black hole driven thermal and kinetic feedback},
   volume={465},
   ISSN={1365-2966},
   url={http://dx.doi.org/10.1093/mnras/stw2944},
   DOI={10.1093/mnras/stw2944},
   number={3},
   journal={Monthly Notices of the Royal Astronomical Society},
   publisher={Oxford University Press (OUP)},
   author={Weinberger, Rainer and Springel, Volker and Hernquist, Lars and Pillepich, Annalisa and Marinacci, Federico and Pakmor, Rüdiger and Nelson, Dylan and Genel, Shy and Vogelsberger, Mark and Naiman, Jill and et al.},
   year={2016},
   month= nov,
   pages={3291–3308}
}

@article{Barat2019,
   title={The SAMI Galaxy Survey: mass–kinematics scaling relations},
   volume={487},
   ISSN={1365-2966},
   url={http://dx.doi.org/10.1093/mnras/stz1439},
   DOI={10.1093/mnras/stz1439},
   number={2},
   journal={Monthly Notices of the Royal Astronomical Society},
   publisher={Oxford University Press (OUP)},
   author={Barat, Dilyar and D’Eugenio, Francesco and Colless, Matthew and Brough, Sarah and Catinella, Barbara and Cortese, Luca and Croom, Scott M and Medling, Anne M and Oh, Sree and van de Sande, Jesse and et al.},
   year={2019},
   month={May},
   pages={2924–2936}
}

@article{Sande2018,
   title={The SAMI Galaxy Survey: comparing 3D spectroscopic observations with galaxies from cosmological hydrodynamical simulations},
   volume={484},
   ISSN={1365-2966},
   url={http://dx.doi.org/10.1093/mnras/sty3506},
   DOI={10.1093/mnras/sty3506},
   number={1},
   journal={Monthly Notices of the Royal Astronomical Society},
   publisher={Oxford University Press (OUP)},
   author={van de Sande, Jesse and Lagos, Claudia D P and Welker, Charlotte and Bland-Hawthorn, Joss and Schulze, Felix and Remus, Rhea-Silvia and Bahé, Yannick and Brough, Sarah and Bryant, Julia J and Cortese, Luca and et al.},
   year={2018},
   month= dec,
   pages={869–891}
}

@article{Bloom2017,
   title={The SAMI Galaxy Survey: the low-redshift stellar mass Tully–Fisher relation},
   volume={472},
   ISSN={1365-2966},
   url={http://dx.doi.org/10.1093/mnras/stx1701},
   DOI={10.1093/mnras/stx1701},
   number={2},
   journal={Monthly Notices of the Royal Astronomical Society},
   publisher={Oxford University Press (OUP)},
   author={Bloom, J. V. and Croom, S. M. and Bryant, J. J. and Callingham, J. R. and Schaefer, A. L. and Cortese, L. and Hopkins, A. M. and D’Eugenio, F. and Scott, N. and Glazebrook, K. and et al.},
   year={2017},
   month=jul,
   pages={1809–1824}
}

@article{Scott2018,
   title={The SAMI Galaxy Survey: Data Release Two with absorption-line physics value-added products},
   volume={481},
   ISSN={1365-2966},
   url={http://dx.doi.org/10.1093/mnras/sty2355},
   DOI={10.1093/mnras/sty2355},
   number={2},
   journal={Monthly Notices of the Royal Astronomical Society},
   publisher={Oxford University Press (OUP)},
   author={Scott, Nicholas and van de Sande, Jesse and Croom, Scott M and Groves, Brent and Owers, Matt S and Poetrodjojo, Henry and D’Eugenio, Francesco and Medling, Anne M and Barat, Dilyar and Barone, Tania M and et al.},
   year={2018},
   month=aug,
   pages={2299–2319}
}

@article{Genel2017,
   title={The size evolution of star-forming and quenched galaxies in the IllustrisTNG simulation},
   volume={474},
   ISSN={1365-2966},
   url={http://dx.doi.org/10.1093/mnras/stx3078},
   DOI={10.1093/mnras/stx3078},
   number={3},
   journal={Monthly Notices of the Royal Astronomical Society},
   publisher={Oxford University Press (OUP)},
   author={Genel, Shy and Nelson, Dylan and Pillepich, Annalisa and Springel, Volker and Pakmor, Rüdiger and Weinberger, Rainer and Hernquist, Lars and Naiman, Jill and Vogelsberger, Mark and Marinacci, Federico and et al.},
   year={2017},
   month=nov,
   pages={3976–3996}
}

@ARTICLE{Driver2011,
       author = {{Driver}, S.~P. and {Hill}, D.~T. and {Kelvin}, L.~S. and {Robotham}, A.~S.~G. and {Liske}, J. and {Norberg}, P. and {Baldry}, I.~K. and {Bamford}, S.~P. and {Hopkins}, A.~M. and {Loveday}, J. and {Peacock}, J.~A. and {Andrae}, E. and {Bland-Hawthorn}, J. and {Brough}, S. and {Brown}, M.~J.~I. and {Cameron}, E. and {Ching}, J.~H.~Y. and {Colless}, M. and {Conselice}, C.~J. and {Croom}, S.~M. and {Cross}, N.~J.~G. and {de Propris}, R. and {Dye}, S. and {Drinkwater}, M.~J. and {Ellis}, S. and {Graham}, Alister W. and {Grootes}, M.~W. and {Gunawardhana}, M. and {Jones}, D.~H. and {van Kampen}, E. and {Maraston}, C. and {Nichol}, R.~C. and {Parkinson}, H.~R. and {Phillipps}, S. and {Pimbblet}, K. and {Popescu}, C.~C. and {Prescott}, M. and {Roseboom}, I.~G. and {Sadler}, E.~M. and {Sansom}, A.~E. and {Sharp}, R.~G. and {Smith}, D.~J.~B. and {Taylor}, E. and {Thomas}, D. and {Tuffs}, R.~J. and {Wijesinghe}, D. and {Dunne}, L. and {Frenk}, C.~S. and {Jarvis}, M.~J. and {Madore}, B.~F. and {Meyer}, M.~J. and {Seibert}, M. and {Staveley-Smith}, L. and {Sutherland}, W.~J. and {Warren}, S.~J.},
        title = "{Galaxy and Mass Assembly (GAMA): survey diagnostics and core data release}",
      journal = {Monthly Notices of the Royal Astronomical Society},
     keywords = {surveys, galaxies: distances and redshifts, galaxies: fundamental parameters, galaxies: general, galaxies: statistics, Astrophysics - Cosmology and Nongalactic Astrophysics},
         year = 2011,
        month = may,
       volume = {413},
       number = {2},
        pages = {971-995},
          doi = {10.1111/j.1365-2966.2010.18188.x},
archivePrefix = {arXiv},
       eprint = {1009.0614},
 primaryClass = {astro-ph.CO},
       adsurl = {https://ui.adsabs.harvard.edu/abs/2011MNRAS.413..971D},
      adsnote = {Provided by the SAO/NASA Astrophysics Data System}
}



@article{Conselice2016,
   title={The evolution of galaxy number density at {$z < 8$} and its implications},
   volume={830},
   ISSN={1538-4357},
   url={http://dx.doi.org/10.3847/0004-637X/830/2/83},
   DOI={10.3847/0004-637x/830/2/83},
   number={2},
   journal={The Astrophysical Journal},
   publisher={American Astronomical Society},
   author={Conselice, Christopher J. and Wilkinson, Aaron and Duncan, Kenneth and Mortlock, Alice},
   year={2016},
   month=oct,
   pages={83}
}

@ARTICLE{Schechter1976,
       author = {{Schechter}, P.},
        title = {An analytic expression for the luminosity function for galaxies.},
      journal = {The Astrophysical Journal},
         year = {1976},
        month = jan,
       volume = {203},
        pages = {297-306},
          doi = {10.1086/154079},
       adsurl = {https://ui.adsabs.harvard.edu/abs/1976ApJ...203..297S},
      adsnote = {Provided by the SAO/NASA Astrophysics Data System}
}

@ARTICLE{Press1974,
       author = {{Press}, William H. and {Schechter}},
        title = {Formation of Galaxies and Clusters of Galaxies by Self-Similar Gravitational Condensation},
      journal = {The Astrophysical Journal},
         year = {1974},
        month = feb,
       volume = {187},
        pages = {425-438},
          doi = {10.1086/152650},
       adsurl = {https://ui.adsabs.harvard.edu/abs/1974ApJ...187..425P},
      adsnote = {Provided by the SAO/NASA Astrophysics Data System}
}

@ARTICLE{Tinker2008,
       author = {{Tinker}, Jeremy and {Kravtsov}, Andrey V. and {Klypin}, Anatoly and
         {Abazajian}, Kevork and {Warren}, Michael and {Yepes}, Gustavo and
         {Gottl{\"o}ber}, Stefan and {Holz}, Daniel E.},
        title = {Toward a Halo Mass Function for Precision Cosmology: The Limits of Universality},
      journal = {The Astrophysical Journal},
     keywords = {cosmology: theory, large-scale structure of universe, methods: numerical, Astrophysics},
         year = {2008},
        month = dec,
       volume = {688},
       number = {2},
        pages = {709-728},
          doi = {10.1086/591439},
archivePrefix = {arXiv},
       eprint = {0803.2706},
 primaryClass = {astro-ph},
       adsurl = {https://ui.adsabs.harvard.edu/abs/2008ApJ...688..709T},
      adsnote = {Provided by the SAO/NASA Astrophysics Data System}
}

@article{Zasov2017,
   title={Dark matter in galaxies},
   volume={60},
   ISSN={1468-4780},
   url={http://dx.doi.org/10.3367/UFNe.2016.03.037751},
   DOI={10.3367/ufne.2016.03.037751},
   number={1},
   journal={Physics-Uspekhi},
   publisher={Uspekhi Fizicheskikh Nauk (UFN) Journal},
   author={Zasov, A V and Saburova, A S and Khoperskov, A V and Khoperskov, S A},
   year={2017},
   month=jan,
   pages={3–39}
}

@BOOK{Mo2010,
       author = {{Mo}, Houjun and {van den Bosch}, Frank C. and {White}, Simon},
        title = {Galaxy Formation and Evolution},
         year = {2010},
       adsurl = {https://ui.adsabs.harvard.edu/abs/2010gfe..book.....M},
      adsnote = {Provided by the SAO/NASA Astrophysics Data System}
}


@article{Ferrarese2000,
   title={A Fundamental Relation between Supermassive Black Holes and Their Host Galaxies},
   volume={539},
   ISSN={0004-637X},
   url={http://dx.doi.org/10.1086/312838},
   DOI={10.1086/312838},
   number={1},
   journal={The Astrophysical Journal},
   publisher={American Astronomical Society},
   author={Ferrarese, Laura and Merritt, David},
   year={2000},
   month=aug,
   pages={L9–L12}
}

@article{Tundo2007,
   title={On the Inconsistency between the Black Hole Mass Function Inferred from $M_{\odot}‐\sigma$ and $M_{\odot}‐L$ Correlations},
   volume={663},
   ISSN={1538-4357},
   url={http://dx.doi.org/10.1086/518225},
   DOI={10.1086/518225},
   number={1},
   journal={The Astrophysical Journal},
   publisher={American Astronomical Society},
   author={Tundo, Elena and Bernardi, Mariangela and Hyde, Joseph B. and Sheth, Ravi K. and Pizzella, Alessandro},
   year={2007},
   month=jul,
   pages={53–60}
}

@article{Croton2013,
   title={Damn You, Little h! (Or, Real-World Applications of the Hubble Constant Using Observed and Simulated Data)},
   volume={30},
   ISSN={1448-6083},
   url={http://dx.doi.org/10.1017/pasa.2013.31},
   DOI={10.1017/pasa.2013.31},
   journal={Publications of the Astronomical Society of Australia},
   publisher={Cambridge University Press (CUP)},
   author={Croton, Darren J.},
   year={2013}
}


@ARTICLE{Planck2016,
       author = {{Planck Collaboration} and {Ade}, P.~A.~R. and {Aghanim}, N. and {Arnaud}, M. and {Ashdown}, M. and {Aumont}, J. and {Baccigalupi}, C. and {Banday}, A.~J. and {Barreiro}, R.~B. and {Bartlett}, J.~G. and {Bartolo}, N. and {Battaner}, E. and {Battye}, R. and {Benabed}, K. and {Beno{\^\i}t}, A. and {Benoit-L{\'e}vy}, A. and {Bernard}, J. -P. and {Bersanelli}, M. and {Bielewicz}, P. and {Bock}, J.~J. and {Bonaldi}, A. and {Bonavera}, L. and {Bond}, J.~R. and {Borrill}, J. and {Bouchet}, F.~R. and {Boulanger}, F. and {Bucher}, M. and {Burigana}, C. and {Butler}, R.~C. and {Calabrese}, E. and {Cardoso}, J. -F. and {Catalano}, A. and {Challinor}, A. and {Chamballu}, A. and {Chary}, R. -R. and {Chiang}, H.~C. and {Chluba}, J. and {Christensen}, P.~R. and {Church}, S. and {Clements}, D.~L. and {Colombi}, S. and {Colombo}, L.~P.~L. and {Combet}, C. and {Coulais}, A. and {Crill}, B.~P. and {Curto}, A. and {Cuttaia}, F. and {Danese}, L. and {Davies}, R.~D. and {Davis}, R.~J. and {de Bernardis}, P. and {de Rosa}, A. and {de Zotti}, G. and {Delabrouille}, J. and {D{\'e}sert}, F. -X. and {Di Valentino}, E. and {Dickinson}, C. and {Diego}, J.~M. and {Dolag}, K. and {Dole}, H. and {Donzelli}, S. and {Dor{\'e}}, O. and {Douspis}, M. and {Ducout}, A. and {Dunkley}, J. and {Dupac}, X. and {Efstathiou}, G. and {Elsner}, F. and {En{\ss}lin}, T.~A. and {Eriksen}, H.~K. and {Farhang}, M. and {Fergusson}, J. and {Finelli}, F. and {Forni}, O. and {Frailis}, M. and {Fraisse}, A.~A. and {Franceschi}, E. and {Frejsel}, A. and {Galeotta}, S. and {Galli}, S. and {Ganga}, K. and {Gauthier}, C. and {Gerbino}, M. and {Ghosh}, T. and {Giard}, M. and {Giraud-H{\'e}raud}, Y. and {Giusarma}, E. and {Gjerl{\o}w}, E. and {Gonz{\'a}lez-Nuevo}, J. and {G{\'o}rski}, K.~M. and {Gratton}, S. and {Gregorio}, A. and {Gruppuso}, A. and {Gudmundsson}, J.~E. and {Hamann}, J. and {Hansen}, F.~K. and {Hanson}, D. and {Harrison}, D.~L. and {Helou}, G. and {Henrot-Versill{\'e}}, S. and {Hern{\'a}ndez-Monteagudo}, C. and {Herranz}, D. and {Hildebrandt}, S.~R. and {Hivon}, E. and {Hobson}, M. and {Holmes}, W.~A. and {Hornstrup}, A. and {Hovest}, W. and {Huang}, Z. and {Huffenberger}, K.~M. and {Hurier}, G. and {Jaffe}, A.~H. and {Jaffe}, T.~R. and {Jones}, W.~C. and {Juvela}, M. and {Keih{\"a}nen}, E. and {Keskitalo}, R. and {Kisner}, T.~S. and {Kneissl}, R. and {Knoche}, J. and {Knox}, L. and {Kunz}, M. and {Kurki-Suonio}, H. and {Lagache}, G. and {L{\"a}hteenm{\"a}ki}, A. and {Lamarre}, J. -M. and {Lasenby}, A. and {Lattanzi}, M. and {Lawrence}, C.~R. and {Leahy}, J.~P. and {Leonardi}, R. and {Lesgourgues}, J. and {Levrier}, F. and {Lewis}, A. and {Liguori}, M. and {Lilje}, P.~B. and {Linden-V{\o}rnle}, M. and {L{\'o}pez-Caniego}, M. and {Lubin}, P.~M. and {Mac{\'\i}as-P{\'e}rez}, J.~F. and {Maggio}, G. and {Maino}, D. and {Mandolesi}, N. and {Mangilli}, A. and {Marchini}, A. and {Maris}, M. and {Martin}, P.~G. and {Martinelli}, M. and {Mart{\'\i}nez-Gonz{\'a}lez}, E. and {Masi}, S. and {Matarrese}, S. and {McGehee}, P. and {Meinhold}, P.~R. and {Melchiorri}, A. and {Melin}, J. -B. and {Mendes}, L. and {Mennella}, A. and {Migliaccio}, M. and {Millea}, M. and {Mitra}, S. and {Miville-Desch{\^e}nes}, M. -A. and {Moneti}, A. and {Montier}, L. and {Morgante}, G. and {Mortlock}, D. and {Moss}, A. and {Munshi}, D. and {Murphy}, J.~A. and {Naselsky}, P. and {Nati}, F. and {Natoli}, P. and {Netterfield}, C.~B. and {N{\o}rgaard-Nielsen}, H.~U. and {Noviello}, F. and {Novikov}, D. and {Novikov}, I. and {Oxborrow}, C.~A. and {Paci}, F. and {Pagano}, L. and {Pajot}, F. and {Paladini}, R. and {Paoletti}, D. and {Partridge}, B. and {Pasian}, F. and {Patanchon}, G. and {Pearson}, T.~J. and {Perdereau}, O. and {Perotto}, L. and {Perrotta}, F. and {Pettorino}, V. and {Piacentini}, F. and {Piat}, M. and {Pierpaoli}, E. and {Pietrobon}, D. and {Plaszczynski}, S. and {Pointecouteau}, E. and {Polenta}, G. and {Popa}, L. and {Pratt}, G.~W. and {Pr{\'e}zeau}, G. and {Prunet}, S. and {Puget}, J. -L. and {Rachen}, J.~P. and {Reach}, W.~T. and {Rebolo}, R. and {Reinecke}, M. and {Remazeilles}, M. and {Renault}, C. and {Renzi}, A. and {Ristorcelli}, I. and {Rocha}, G. and {Rosset}, C. and {Rossetti}, M. and {Roudier}, G. and {Rouill{\'e} d'Orfeuil}, B. and {Rowan-Robinson}, M. and {Rubi{\~n}o-Mart{\'\i}n}, J.~A. and {Rusholme}, B. and {Said}, N. and {Salvatelli}, V. and {Salvati}, L. and {Sandri}, M. and {Santos}, D. and {Savelainen}, M. and {Savini}, G. and {Scott}, D. and {Seiffert}, M.~D. and {Serra}, P. and {Shellard}, E.~P.~S. and {Spencer}, L.~D. and {Spinelli}, M. and {Stolyarov}, V. and {Stompor}, R. and {Sudiwala}, R. and {Sunyaev}, R. and {Sutton}, D. and {Suur-Uski}, A. -S. and {Sygnet}, J. -F. and {Tauber}, J.~A. and {Terenzi}, L. and {Toffolatti}, L. and {Tomasi}, M. and {Tristram}, M. and {Trombetti}, T. and {Tucci}, M. and {Tuovinen}, J. and {T{\"u}rler}, M. and {Umana}, G. and {Valenziano}, L. and {Valiviita}, J. and {Van Tent}, F. and {Vielva}, P. and {Villa}, F. and {Wade}, L.~A. and {Wandelt}, B.~D. and {Wehus}, I.~K. and {White}, M. and {White}, S.~D.~M. and {Wilkinson}, A. and {Yvon}, D. and {Zacchei}, A. and {Zonca}, A.},
        title = {Planck 2015 results. XIII. Cosmological parameters},
      journal = {The Astrophysical Journal},
     keywords = {cosmology: observations, cosmology: theory, cosmic background radiation, cosmological parameters, Astrophysics - Cosmology and Nongalactic Astrophysics},
         year = 2016,
        month = sep,
       volume = {594},
          eid = {A13},
        pages = {A13},
          doi = {10.1051/0004-6361/201525830},
archivePrefix = {arXiv},
       eprint = {1502.01589},
 primaryClass = {astro-ph.CO},
       adsurl = {https://ui.adsabs.harvard.edu/abs/2016A/&A...594A..13P},
      adsnote = {Provided by the SAO/NASA Astrophysics Data System}
}


@article{Zanisi2019,
   title={Galaxy sizes and the galaxy–halo connection – I. The remarkable tightness of the size distributions},
   volume={492},
   ISSN={1365-2966},
   url={http://dx.doi.org/10.1093/mnras/stz3516},
   DOI={10.1093/mnras/stz3516},
   number={2},
   journal={Monthly Notices of the Royal Astronomical Society},
   publisher={Oxford University Press (OUP)},
   author={Zanisi, Lorenzo and Shankar, Francesco and Lapi, Andrea and Menci, Nicola and Bernardi, Mariangela and Duckworth, Christopher and Huertas-Company, Marc and Grylls, Philip and Salucci, Paolo},
   year={2019},
   month=dec,
   pages={1671–1690}
}

@article{Lelli2019,
   title={The baryonic Tully–Fisher relation for different velocity definitions and implications for galaxy angular momentum},
   volume={484},
   ISSN={1365-2966},
   url={http://dx.doi.org/10.1093/mnras/stz205},
   DOI={10.1093/mnras/stz205},
   number={3},
   journal={Monthly Notices of the Royal Astronomical Society},
   publisher={Oxford University Press (OUP)},
   author={Lelli, Federico and McGaugh, Stacy S and Schombert, James M and Desmond, Harry and Katz, Harley},
   year={2019},
   month=jan,
   pages={3267–3278}
}

@article{Marinacci2018,
   title={First results from the IllustrisTNG simulations: radio haloes and magnetic fields},
   ISSN={1365-2966},
   url={http://dx.doi.org/10.1093/mnras/sty2206},
   DOI={10.1093/mnras/sty2206},
   journal={Monthly Notices of the Royal Astronomical Society},
   publisher={Oxford University Press (OUP)},
   author={Marinacci, Federico and Vogelsberger, Mark and Pakmor, Rüdiger and Torrey, Paul and Springel, Volker and Hernquist, Lars and Nelson, Dylan and Weinberger, Rainer and Pillepich, Annalisa and Naiman, Jill and et al.},
   year={2018},
   month=aug
}

@article{Nelson2017,
   title={First results from the IllustrisTNG simulations: the galaxy colour bimodality},
   volume={475},
   ISSN={1365-2966},
   url={http://dx.doi.org/10.1093/mnras/stx3040},
   DOI={10.1093/mnras/stx3040},
   number={1},
   journal={Monthly Notices of the Royal Astronomical Society},
   publisher={Oxford University Press (OUP)},
   author={Nelson, Dylan and Pillepich, Annalisa and Springel, Volker and Weinberger, Rainer and Hernquist, Lars and Pakmor, Rüdiger and Genel, Shy and Torrey, Paul and Vogelsberger, Mark and Kauffmann, Guinevere and et al.},
   year={2017},
   month=nov,
   pages={624–647}
}

@article{Naiman2018,
   title={First results from the IllustrisTNG simulations: a tale of two elements – chemical evolution of magnesium and europium},
   volume={477},
   ISSN={1365-2966},
   url={http://dx.doi.org/10.1093/mnras/sty618},
   DOI={10.1093/mnras/sty618},
   number={1},
   journal={Monthly Notices of the Royal Astronomical Society},
   publisher={Oxford University Press (OUP)},
   author={Naiman, Jill P and Pillepich, Annalisa and Springel, Volker and Ramirez-Ruiz, Enrico and Torrey, Paul and Vogelsberger, Mark and Pakmor, Rüdiger and Nelson, Dylan and Marinacci, Federico and Hernquist, Lars and et al.},
   year={2018},
   month=mar,
   pages={1206–1224}
}

@article{Pillepich2017,
   title={First results from the IllustrisTNG simulations: the stellar mass content of groups and clusters of galaxies},
   volume={475},
   ISSN={1365-2966},
   url={http://dx.doi.org/10.1093/mnras/stx3112},
   DOI={10.1093/mnras/stx3112},
   number={1},
   journal={Monthly Notices of the Royal Astronomical Society},
   publisher={Oxford University Press (OUP)},
   author={Pillepich, Annalisa and Nelson, Dylan and Hernquist, Lars and Springel, Volker and Pakmor, Rüdiger and Torrey, Paul and Weinberger, Rainer and Genel, Shy and Naiman, Jill P and Marinacci, Federico and et al.},
   year={2017},
   month=dec,
   pages={648–675}
}

@article{Springel2017,
   title={First results from the IllustrisTNG simulations: matter and galaxy clustering},
   volume={475},
   ISSN={1365-2966},
   url={http://dx.doi.org/10.1093/mnras/stx3304},
   DOI={10.1093/mnras/stx3304},
   number={1},
   journal={Monthly Notices of the Royal Astronomical Society},
   publisher={Oxford University Press (OUP)},
   author={Springel, Volker and Pakmor, Rüdiger and Pillepich, Annalisa and Weinberger, Rainer and Nelson, Dylan and Hernquist, Lars and Vogelsberger, Mark and Genel, Shy and Torrey, Paul and Marinacci, Federico and et al.},
   year={2017},
   month=dec,
   pages={676–698}
}

@article{Lu2020,
   title={Redshift evolution of the Fundamental Plane relation in the IllustrisTNG simulation},
   volume={492},
   ISSN={1365-2966},
   url={http://dx.doi.org/10.1093/mnras/staa173},
   DOI={10.1093/mnras/staa173},
   number={4},
   journal={Monthly Notices of the Royal Astronomical Society},
   publisher={Oxford University Press (OUP)},
   author={Lu, Shengdong and Xu, Dandan and Wang, Yunchong and Mao, Shude and Ge, Junqiang and Springel, Volker and Wang, Yuan and Vogelsberger, Mark and Naiman, Jill and Hernquist, Lars},
   year={2020},
   month=jan,
   pages={5930–5939}
}


@ARTICLE{Chabrier2003,
       author = {{Chabrier}, Gilles},
        title = {Galactic Stellar and Substellar Initial Mass Function},
      journal = {Publications of the Astronomical Society of the Pacific},
     keywords = {Galaxies: Luminosity Function, Mass Function, Invited Reviews, Astrophysics},
         year = 2003,
        month = jul,
       volume = {115},
       number = {809},
        pages = {763-795},
          doi = {10.1086/376392},
archivePrefix = {arXiv},
       eprint = {astro-ph/0304382},
 primaryClass = {astro-ph},
       adsurl = {https://ui.adsabs.harvard.edu/abs/2003PASP..115..763C},
      adsnote = {Provided by the SAO/NASA Astrophysics Data System}
}

@ARTICLE{Bryant2015,
       author = {{Bryant}, J.~J. and {Owers}, M.~S. and {Robotham}, A.~S.~G. and {Croom}, S.~M. and {Driver}, S.~P. and {Drinkwater}, M.~J. and {Lorente}, N.~P.~F. and {Cortese}, L. and {Scott}, N. and {Colless}, M. and {Schaefer}, A. and {Taylor}, E.~N. and {Konstantopoulos}, I.~S. and {Allen}, J.~T. and {Baldry}, I. and {Barnes}, L. and {Bauer}, A.~E. and {Bland-Hawthorn}, J. and {Bloom}, J.~V. and {Brooks}, A.~M. and {Brough}, S. and {Cecil}, G. and {Couch}, W. and {Croton}, D. and {Davies}, R. and {Ellis}, S. and {Fogarty}, L.~M.~R. and {Foster}, C. and {Glazebrook}, K. and {Goodwin}, M. and {Green}, A. and {Gunawardhana}, M.~L. and {Hampton}, E. and {Ho}, I. -T. and {Hopkins}, A.~M. and {Kewley}, L. and {Lawrence}, J.~S. and {Leon-Saval}, S.~G. and {Leslie}, S. and {McElroy}, R. and {Lewis}, G. and {Liske}, J. and {L{\'o}pez-S{\'a}nchez}, {\'A}. R. and {Mahajan}, S. and {Medling}, A.~M. and {Metcalfe}, N. and {Meyer}, M. and {Mould}, J. and {Obreschkow}, D. and {O'Toole}, S. and {Pracy}, M. and {Richards}, S.~N. and {Shanks}, T. and {Sharp}, R. and {Sweet}, S.~M. and {Thomas}, A.~D. and {Tonini}, C. and {Walcher}, C.~J.},
        title = {The SAMI Galaxy Survey: instrument specification and target selection},
      journal = {Monthly Notices of the Royal Astronomical Society},
     keywords = {instrumentation: miscellaneous, instrumentation: spectrographs, techniques: imaging spectroscopy, surveys, galaxies: evolution, galaxies: kinematics and dynamics, Astrophysics - Astrophysics of Galaxies},
         year = 2015,
        month = mar,
       volume = {447},
       number = {3},
        pages = {2857-2879},
          doi = {10.1093/mnras/stu2635},
archivePrefix = {arXiv},
       eprint = {1407.7335},
 primaryClass = {astro-ph.GA},
       adsurl = {https://ui.adsabs.harvard.edu/abs/2015MNRAS.447.2857B},
      adsnote = {Provided by the SAO/NASA Astrophysics Data System}
}

@ARTICLE{Wolf2010,
       author = {{Wolf}, Joe and {Martinez}, Gregory D. and {Bullock}, James S. and {Kaplinghat}, Manoj and {Geha}, Marla and {Mu{\~n}oz}, Ricardo R. and {Simon}, Joshua D. and {Avedo}, Frank F.},
        title = {Accurate masses for dispersion-supported galaxies},
      journal = {Monthly Notices of the Royal Astronomical Society},
     keywords = {galaxies: dwarf, galaxies: elliptical and lenticular, cD, galaxies: formation, galaxies: kinematics and dynamics, dark matter, Astrophysics - Cosmology and Nongalactic Astrophysics, Astrophysics - Astrophysics of Galaxies},
         year = 2010,
        month = aug,
       volume = {406},
       number = {2},
        pages = {1220-1237},
          doi = {10.1111/j.1365-2966.2010.16753.x},
archivePrefix = {arXiv},
       eprint = {0908.2995},
 primaryClass = {astro-ph.CO},
       adsurl = {https://ui.adsabs.harvard.edu/abs/2010MNRAS.406.1220W},
      adsnote = {Provided by the SAO/NASA Astrophysics Data System}
}

@ARTICLE{Taylor2011,
       author = {{Taylor}, Edward N. and {Hopkins}, Andrew M. and {Baldry}, Ivan K. and {Brown}, Michael J.~I. and {Driver}, Simon P. and {Kelvin}, Lee S. and {Hill}, David T. and {Robotham}, Aaron S.~G. and {Bland-Hawthorn}, Joss and {Jones}, D.~H. and {Sharp}, R.~G. and {Thomas}, Daniel and {Liske}, Jochen and {Loveday}, Jon and {Norberg}, Peder and {Peacock}, J.~A. and {Bamford}, Steven P. and {Brough}, Sarah and {Colless}, Matthew and {Cameron}, Ewan and {Conselice}, Christopher J. and {Croom}, Scott M. and {Frenk}, C.~S. and {Gunawardhana}, Madusha and {Kuijken}, Konrad and {Nichol}, R.~C. and {Parkinson}, H.~R. and {Phillipps}, S. and {Pimbblet}, K.~A. and {Popescu}, C.~C. and {Prescott}, Matthew and {Sutherland}, W.~J. and {Tuffs}, R.~J. and {van Kampen}, Eelco and {Wijesinghe}, D.},
        title = {Galaxy And Mass Assembly (GAMA): stellar mass estimates},
      journal = {Monthly Notices of the Royal Astronomical Society},
     keywords = {catalogues, galaxies: evolution, galaxies: formation, galaxies: fundamental parameters, galaxies: stellar content, Astrophysics - Cosmology and Extragalactic Astrophysics},
         year = 2011,
        month = dec,
       volume = {418},
       number = {3},
        pages = {1587-1620},
          doi = {10.1111/j.1365-2966.2011.19536.x},
archivePrefix = {arXiv},
       eprint = {1108.0635},
 primaryClass = {astro-ph.CO},
       adsurl = {https://ui.adsabs.harvard.edu/abs/2011MNRAS.418.1587T},
      adsnote = {Provided by the SAO/NASA Astrophysics Data System}
}

@ARTICLE{Sales2012,
       author = {{Sales}, Laura V. and {Navarro}, Julio F. and {Theuns}, Tom and {Schaye}, Joop and {White}, Simon D.~M. and {Frenk}, Carlos S. and {Crain}, Robert A. and {Dalla Vecchia}, Claudio},
        title = {The origin of discs and spheroids in simulated galaxies},
      journal = {Monthly Notices of the Royal Astronomical Society},
     keywords = {Galaxy: formation, Galaxy: kinematics and dynamics, Galaxy: structure, Astrophysics - Cosmology and Extragalactic Astrophysics},
         year = 2012,
        month = jun,
       volume = {423},
       number = {2},
        pages = {1544-1555},
          doi = {10.1111/j.1365-2966.2012.20975.x},
archivePrefix = {arXiv},
       eprint = {1112.2220},
 primaryClass = {astro-ph.CO},
       adsurl = {https://ui.adsabs.harvard.edu/abs/2012MNRAS.423.1544S},
      adsnote = {Provided by the SAO/NASA Astrophysics Data System}
}

@ARTICLE{Ferrero2020,
       author = {{Ferrero}, I. and {Navarro}, J.~F. and {Abadi}, M.~G. and {Benavides}, J.~A. and {Mast}, D.},
        title = {A Unified Scenario for the Origin of Spiral and Elliptical Galaxy Structural Scaling Laws},
      journal = {arXiv e-prints},
     keywords = {Astrophysics - Astrophysics of Galaxies},
         year = 2020,
        month = sep,
        pages = {arXiv:2009.03916},
archivePrefix = {arXiv},
       eprint = {2009.03916},
 primaryClass = {astro-ph.GA},
       adsurl = {https://ui.adsabs.harvard.edu/abs/2020arXiv200903916F},
      adsnote = {Provided by the SAO/NASA Astrophysics Data System}
}

@ARTICLE{Noeske2007,
       author = {{Noeske}, K.~G. and {Weiner}, B.~J. and {Faber}, S.~M. and {Papovich}, C. and {Koo}, D.~C. and {Somerville}, R.~S. and {Bundy}, K. and {Conselice}, C.~J. and {Newman}, J.~A. and {Schiminovich}, D. and {Le Floc'h}, E. and {Coil}, A.~L. and {Rieke}, G.~H. and {Lotz}, J.~M. and {Primack}, J.~R. and {Barmby}, P. and {Cooper}, M.~C. and {Davis}, M. and {Ellis}, R.~S. and {Fazio}, G.~G. and {Guhathakurta}, P. and {Huang}, J. and {Kassin}, S.~A. and {Martin}, D.~C. and {Phillips}, A.~C. and {Rich}, R.~M. and {Small}, T.~A. and {Willmer}, C.~N.~A. and {Wilson}, G.},
        title = {Star Formation in AEGIS Field Galaxies since z=1.1: The Dominance of Gradually Declining Star Formation, and the Main Sequence of Star-forming Galaxies},
      journal = {The Astrophysical Journal},
     keywords = {Galaxies: Evolution, Galaxies: Formation, Galaxies: High-Redshift, Galaxies: Starburst, Astrophysics},
         year = 2007,
        month = may,
       volume = {660},
       number = {1},
        pages = {L43-L46},
          doi = {10.1086/517926},
archivePrefix = {arXiv},
       eprint = {astro-ph/0701924},
 primaryClass = {astro-ph},
       adsurl = {https://ui.adsabs.harvard.edu/abs/2007ApJ...660L..43N},
      adsnote = {Provided by the SAO/NASA Astrophysics Data System}
}

@ARTICLE{Springel2001,
       author = {{Springel}, Volker and {White}, Simon D.~M. and {Tormen}, Giuseppe and {Kauffmann}, Guinevere},
        title = {Populating a cluster of galaxies - I. Results at [formmu2]z=0},
      journal = {Monthly Notices of the Royal Astronomical Society},
     keywords = {GALAXIES: CLUSTERS: GENERAL, GALAXIES: FORMATION, DARK MATTER, Astrophysics},
         year = 2001,
        month = dec,
       volume = {328},
       number = {3},
        pages = {726-750},
          doi = {10.1046/j.1365-8711.2001.04912.x},
archivePrefix = {arXiv},
       eprint = {astro-ph/0012055},
 primaryClass = {astro-ph},
       adsurl = {https://ui.adsabs.harvard.edu/abs/2001MNRAS.328..726S},
      adsnote = {Provided by the SAO/NASA Astrophysics Data System}
}

@ARTICLE{Scott2021,
       author = {{Croom}, Scott M. and {Owers}, Matt S. and {Scott}, Nicholas and {Poetrodjojo}, Henry and {Groves}, Brent and {van de Sande}, Jesse and {Barone}, Tania M. and {Cortese}, Luca and {D'Eugenio}, Francesco and {Bland-Hawthorn}, Joss and {Bryant}, Julia and {Oh}, Sree and {Brough}, Sarah and {Agostino}, James and {Casura}, Sarah and {Catinella}, Barbara and {Colless}, Matthew and {Cecil}, Gerald and {Davies}, Roger L. and {Drinkwater}, Michael J. and {Driver}, Simon P. and {Ferreras}, Ignacio and {Foster}, Caroline and {Fraser-McKelvie}, Amelia and {Lawrence}, Jon and {Leslie}, Sarah K. and {Liske}, Jochen and {L{\'o}pez-S{\'a}nchez}, {\'A}ngel R. and {Lorente}, Nuria P.~F. and {McElroy}, Rebecca and {Medling}, Anne M. and {Obreschkow}, Danail and {Richards}, Samuel N. and {Sharp}, Rob and {Sweet}, Sarah M. and {Taranu}, Dan S. and {Taylor}, Edward N. and {Tescari}, Edoardo and {Thomas}, Adam D. and {Tocknell}, James and {Vaughan}, Sam P.},
        title = {The SAMI Galaxy Survey: the third and final data release},
      journal = {Monthly Notices of the Royal Astronomical Society},
     keywords = {galaxies: general, galaxies: kinematics and dynamics, galaxies: star formation, galaxies: stellar content, galaxies: clusters: general, astronomical data bases: surveys, Astrophysics - Astrophysics of Galaxies},
         year = 2021,
        month = feb,
          doi = {10.1093/mnras/stab229},
archivePrefix = {arXiv},
       eprint = {2101.12224},
 primaryClass = {astro-ph.GA},
       adsurl = {https://ui.adsabs.harvard.edu/abs/2021MNRAS.tmp..291C},
      adsnote = {Provided by the SAO/NASA Astrophysics Data System}
}

@ARTICLE{Owers2017,
       author = {{Owers}, M.~S. and {Allen}, J.~T. and {Baldry}, I. and {Bryant}, J.~J. and {Cecil}, G.~N. and {Cortese}, L. and {Croom}, S.~M. and {Driver}, S.~P. and {Fogarty}, L.~M.~R. and {Green}, A.~W. and {Helmich}, E. and {de Jong}, J.~T.~A. and {Kuijken}, K. and {Mahajan}, S. and {McFarland}, J. and {Pracy}, M.~B. and {Robotham}, A.~G.~S. and {Sikkema}, G. and {Sweet}, S. and {Taylor}, E.~N. and {Verdoes Kleijn}, G. and {Bauer}, A.~E. and {Bland-Hawthorn}, J. and {Brough}, S. and {Colless}, M. and {Couch}, W.~J. and {Davies}, R.~L. and {Drinkwater}, M.~J. and {Goodwin}, M. and {Hopkins}, A.~M. and {Konstantopoulos}, I.~S. and {Foster}, C. and {Lawrence}, J.~S. and {Lorente}, N.~P.~F. and {Medling}, A.~M. and {Metcalfe}, N. and {Richards}, S.~N. and {van de Sande}, J. and {Scott}, N. and {Shanks}, T. and {Sharp}, R. and {Thomas}, A.~D. and {Tonini}, C.},
        title = {The SAMI Galaxy Survey: the cluster redshift survey, target selection and cluster properties},
      journal = {Monthly Notices of the Royal Astronomical Society},
     keywords = {surveys, galaxies: clusters: individual: (APMCC0917, A168, A4038, EDCC442, A3880, A2399, A119, A85), Astrophysics - Astrophysics of Galaxies},
         year = 2017,
        month = jun,
       volume = {468},
       number = {2},
        pages = {1824-1849},
          doi = {10.1093/mnras/stx562},
archivePrefix = {arXiv},
       eprint = {1703.00997},
 primaryClass = {astro-ph.GA},
       adsurl = {https://ui.adsabs.harvard.edu/abs/2017MNRAS.468.1824O},
      adsnote = {Provided by the SAO/NASA Astrophysics Data System}
}

@ARTICLE{Schaye2015,
       author = {{Schaye}, Joop and {Crain}, Robert A. and {Bower}, Richard G. and {Furlong}, Michelle and {Schaller}, Matthieu and {Theuns}, Tom and {Dalla Vecchia}, Claudio and {Frenk}, Carlos S. and {McCarthy}, I.~G. and {Helly}, John C. and {Jenkins}, Adrian and {Rosas-Guevara}, Y.~M. and {White}, Simon D.~M. and {Baes}, Maarten and {Booth}, C.~M. and {Camps}, Peter and {Navarro}, Julio F. and {Qu}, Yan and {Rahmati}, Alireza and {Sawala}, Till and {Thomas}, Peter A. and {Trayford}, James},
        title = "{The EAGLE project: simulating the evolution and assembly of galaxies and their environments}",
      journal = {Monthly Notices of the Royal Astronomical Society},
     keywords = {methods: numerical, galaxies: evolution, galaxies: formation, cosmology: theory, Astrophysics - Astrophysics of Galaxies, Astrophysics - Cosmology and Nongalactic Astrophysics},
         year = 2015,
        month = jan,
       volume = {446},
       number = {1},
        pages = {521-554},
          doi = {10.1093/mnras/stu2058},
archivePrefix = {arXiv},
       eprint = {1407.7040},
 primaryClass = {astro-ph.GA},
       adsurl = {https://ui.adsabs.harvard.edu/abs/2015MNRAS.446..521S},
      adsnote = {Provided by the SAO/NASA Astrophysics Data System}
}

@article{Bekerait2016,
  doi = {10.3847/2041-8205/827/2/l36},
  url = {https://doi.org/10.3847/2041-8205/827/2/l36},
  year = 2016,
  month = aug,
  publisher = {American Astronomical Society},
  volume = {827},
  number = {2},
  pages = {L36},
  author = {S. Bekerait{\.{e}} and C. J. Walcher and L. Wisotzki and D. J. Croton and J. Falc{\'{o}}n-Barroso and M. Lyubenova and D. Obreschkow and S. F. S{\'{a}}nchez and K. Spekkens and P. Torrey and G. van de Ven and M. A. Zwaan and Y. Ascasibar and J. Bland-Hawthorn and R. Gonz{\'{a}}lez Delgado and B. Husemann and R. A. Marino and M. Vogelsberger and B. Ziegler},
  title = {The CALIFA and HIPASS circular velocity function for all morphological galaxy types.},
  journal = {The Astrophysical Journal}
}

@ARTICLE{Behroozi2019,
       author = {{Behroozi}, and {Wechsler}, Risa H. and {Hearin}, Andrew P. and {Conroy}, Charlie},
        title = "{UNIVERSEMACHINE: The correlation between galaxy growth and dark matter halo assembly from z = 0-10}",
      journal = {{Monthly Notices of the Royal Astronomical Society}},
     keywords = {galaxies: formation, galaxies: haloes, Astrophysics - Astrophysics of Galaxies},
         year = 2019,
        month = sep,
       volume = {488},
       number = {3},
        pages = {3143-3194},
          doi = {10.1093/mnras/stz1182},
archivePrefix = {arXiv},
       eprint = {1806.07893},
 primaryClass = {astro-ph.GA},
       adsurl = {https://ui.adsabs.harvard.edu/abs/2019MNRAS.488.3143B},
      adsnote = {Provided by the SAO/NASA Astrophysics Data System}
}



@ARTICLE{Kravtsov2018,
       author = {{Kravtsov}, A.~V. and {Vikhlinin}, A.~A. and {Meshcheryakov}, A.~V.},
        title = "{Stellar Mass{\textemdash}Halo Mass Relation and Star Formation Efficiency in High-Mass Halos}",
      journal = {Astronomy Letters},
     keywords = {galaxy clusters, dark matter, stellar mass, star formation, Astrophysics - Cosmology and Nongalactic Astrophysics},
         year = 2018,
        month = jan,
       volume = {44},
       number = {1},
        pages = {8-34},
          doi = {10.1134/S1063773717120015},
archivePrefix = {arXiv},
       eprint = {1401.7329},
 primaryClass = {astro-ph.CO},
       adsurl = {https://ui.adsabs.harvard.edu/abs/2018AstL...44....8K},
      adsnote = {Provided by the SAO/NASA Astrophysics Data System}
}

@ARTICLE{York2000,
       author = {{York}, Donald G. and {Adelman}, J. and {Anderson}, John E., Jr. and {Anderson}, Scott F. and {Annis}, James and {Bahcall}, Neta A. and {Bakken}, J.~A. and {Barkhouser}, Robert and {Bastian}, Steven and {Berman}, Eileen and {Boroski}, William N. and {Bracker}, Steve and {Briegel}, Charlie and {Briggs}, John W. and {Brinkmann}, J. and {Brunner}, Robert and {Burles}, Scott and {Carey}, Larry and {Carr}, Michael A. and {Castander}, Francisco J. and {Chen}, Bing and {Colestock}, Patrick L. and {Connolly}, A.~J. and {Crocker}, J.~H. and {Csabai}, Istv{\'a}n and {Czarapata}, Paul C. and {Davis}, John Eric and {Doi}, Mamoru and {Dombeck}, Tom and {Eisenstein}, Daniel and {Ellman}, Nancy and {Elms}, Brian R. and {Evans}, Michael L. and {Fan}, Xiaohui and {Federwitz}, Glenn R. and {Fiscelli}, Larry and {Friedman}, Scott and {Frieman}, Joshua A. and {Fukugita}, Masataka and {Gillespie}, Bruce and {Gunn}, James E. and {Gurbani}, Vijay K. and {de Haas}, Ernst and {Haldeman}, Merle and {Harris}, Frederick H. and {Hayes}, J. and {Heckman}, Timothy M. and {Hennessy}, G.~S. and {Hindsley}, Robert B. and {Holm}, Scott and {Holmgren}, Donald J. and {Huang}, Chi-hao and {Hull}, Charles and {Husby}, Don and {Ichikawa}, Shin-Ichi and {Ichikawa}, Takashi and {Ivezi{\'c}}, {\v{Z}}eljko and {Kent}, Stephen and {Kim}, Rita S.~J. and {Kinney}, E. and {Klaene}, Mark and {Kleinman}, A.~N. and {Kleinman}, S. and {Knapp}, G.~R. and {Korienek}, John and {Kron}, Richard G. and {Kunszt}, Peter Z. and {Lamb}, D.~Q. and {Lee}, B. and {Leger}, R. French and {Limmongkol}, Siriluk and {Lindenmeyer}, Carl and {Long}, Daniel C. and {Loomis}, Craig and {Loveday}, Jon and {Lucinio}, Rich and {Lupton}, Robert H. and {MacKinnon}, Bryan and {Mannery}, Edward J. and {Mantsch}, P.~M. and {Margon}, Bruce and {McGehee}, Peregrine and {McKay}, Timothy A. and {Meiksin}, Avery and {Merelli}, Aronne and {Monet}, David G. and {Munn}, Jeffrey A. and {Narayanan}, Vijay K. and {Nash}, Thomas and {Neilsen}, Eric and {Neswold}, Rich and {Newberg}, Heidi Jo and {Nichol}, R.~C. and {Nicinski}, Tom and {Nonino}, Mario and {Okada}, Norio and {Okamura}, Sadanori and {Ostriker}, Jeremiah P. and {Owen}, Russell and {Pauls}, A. George and {Peoples}, John and {Peterson}, R.~L. and {Petravick}, Donald and {Pier}, Jeffrey R. and {Pope}, Adrian and {Pordes}, Ruth and {Prosapio}, Angela and {Rechenmacher}, Ron and {Quinn}, Thomas R. and {Richards}, Gordon T. and {Richmond}, Michael W. and {Rivetta}, Claudio H. and {Rockosi}, Constance M. and {Ruthmansdorfer}, Kurt and {Sandford}, Dale and {Schlegel}, David J. and {Schneider}, Donald P. and {Sekiguchi}, Maki and {Sergey}, Gary and {Shimasaku}, Kazuhiro and {Siegmund}, Walter A. and {Smee}, Stephen and {Smith}, J. Allyn and {Snedden}, S. and {Stone}, R. and {Stoughton}, Chris and {Strauss}, Michael A. and {Stubbs}, Christopher and {SubbaRao}, Mark and {Szalay}, Alexander S. and {Szapudi}, Istvan and {Szokoly}, Gyula P. and {Thakar}, Anirudda R. and {Tremonti}, Christy and {Tucker}, Douglas L. and {Uomoto}, Alan and {Vanden Berk}, Dan and {Vogeley}, Michael S. and {Waddell}, Patrick and {Wang}, Shu-i. and {Watanabe}, Masaru and {Weinberg}, David H. and {Yanny}, Brian and {Yasuda}, Naoki and {SDSS Collaboration}},
        title = "{The Sloan Digital Sky Survey: Technical Summary}",
      journal = {The Astrophysical Journal},
     keywords = {Cosmology: Observations, Instrumentation: Miscellaneous, Astrophysics},
         year = 2000,
        month = sep,
       volume = {120},
       number = {3},
        pages = {1579-1587},
          doi = {10.1086/301513},
archivePrefix = {arXiv},
       eprint = {astro-ph/0006396},
 primaryClass = {astro-ph},
       adsurl = {https://ui.adsabs.harvard.edu/abs/2000AJ....120.1579Y},
      adsnote = {Provided by the SAO/NASA Astrophysics Data System}
}

@ARTICLE{Abazajian2009,
       author = {{Abazajian}, Kevork N. and {Adelman-McCarthy}, Jennifer K. and {Ag{\"u}eros}, Marcel A. and {Allam}, Sahar S. and {Allende Prieto}, Carlos and {An}, Deokkeun and {Anderson}, Kurt S.~J. and {Anderson}, Scott F. and {Annis}, James and {Bahcall}, Neta A. and {Bailer-Jones}, C.~A.~L. and {Barentine}, J.~C. and {Bassett}, Bruce A. and {Becker}, Andrew C. and {Beers}, Timothy C. and {Bell}, Eric F. and {Belokurov}, Vasily and {Berlind}, Andreas A. and {Berman}, Eileen F. and {Bernardi}, Mariangela and {Bickerton}, Steven J. and {Bizyaev}, Dmitry and {Blakeslee}, John P. and {Blanton}, Michael R. and {Bochanski}, John J. and {Boroski}, William N. and {Brewington}, Howard J. and {Brinchmann}, Jarle and {Brinkmann}, J. and {Brunner}, Robert J. and {Budav{\'a}ri}, Tam{\'a}s and {Carey}, Larry N. and {Carliles}, Samuel and {Carr}, Michael A. and {Castander}, Francisco J. and {Cinabro}, David and {Connolly}, A.~J. and {Csabai}, Istv{\'a}n and {Cunha}, Carlos E. and {Czarapata}, Paul C. and {Davenport}, James R.~A. and {de Haas}, Ernst and {Dilday}, Ben and {Doi}, Mamoru and {Eisenstein}, Daniel J. and {Evans}, Michael L. and {Evans}, N.~W. and {Fan}, Xiaohui and {Friedman}, Scott D. and {Frieman}, Joshua A. and {Fukugita}, Masataka and {G{\"a}nsicke}, Boris T. and {Gates}, Evalyn and {Gillespie}, Bruce and {Gilmore}, G. and {Gonzalez}, Belinda and {Gonzalez}, Carlos F. and {Grebel}, Eva K. and {Gunn}, James E. and {Gy{\"o}ry}, Zsuzsanna and {Hall}, Patrick B. and {Harding}, Paul and {Harris}, Frederick H. and {Harvanek}, Michael and {Hawley}, Suzanne L. and {Hayes}, Jeffrey J.~E. and {Heckman}, Timothy M. and {Hendry}, John S. and {Hennessy}, Gregory S. and {Hindsley}, Robert B. and {Hoblitt}, J. and {Hogan}, Craig J. and {Hogg}, David W. and {Holtzman}, Jon A. and {Hyde}, Joseph B. and {Ichikawa}, Shin-ichi and {Ichikawa}, Takashi and {Im}, Myungshin and {Ivezi{\'c}}, {\v{Z}}eljko and {Jester}, Sebastian and {Jiang}, Linhua and {Johnson}, Jennifer A. and {Jorgensen}, Anders M. and {Juri{\'c}}, Mario and {Kent}, Stephen M. and {Kessler}, R. and {Kleinman}, S.~J. and {Knapp}, G.~R. and {Konishi}, Kohki and {Kron}, Richard G. and {Krzesinski}, Jurek and {Kuropatkin}, Nikolay and {Lampeitl}, Hubert and {Lebedeva}, Svetlana and {Lee}, Myung Gyoon and {Lee}, Young Sun and {French Leger}, R. and {L{\'e}pine}, S{\'e}bastien and {Li}, Nolan and {Lima}, Marcos and {Lin}, Huan and {Long}, Daniel C. and {Loomis}, Craig P. and {Loveday}, Jon and {Lupton}, Robert H. and {Magnier}, Eugene and {Malanushenko}, Olena and {Malanushenko}, Viktor and {Mandelbaum}, Rachel and {Margon}, Bruce and {Marriner}, John P. and {Mart{\'\i}nez-Delgado}, David and {Matsubara}, Takahiko and {McGehee}, Peregrine M. and {McKay}, Timothy A. and {Meiksin}, Avery and {Morrison}, Heather L. and {Mullally}, Fergal and {Munn}, Jeffrey A. and {Murphy}, Tara and {Nash}, Thomas and {Nebot}, Ada and {Neilsen}, Eric H., Jr. and {Newberg}, Heidi Jo and {Newman}, Peter R. and {Nichol}, Robert C. and {Nicinski}, Tom and {Nieto-Santisteban}, Maria and {Nitta}, Atsuko and {Okamura}, Sadanori and {Oravetz}, Daniel J. and {Ostriker}, Jeremiah P. and {Owen}, Russell and {Padmanabhan}, Nikhil and {Pan}, Kaike and {Park}, Changbom and {Pauls}, George and {Peoples}, John, Jr. and {Percival}, Will J. and {Pier}, Jeffrey R. and {Pope}, Adrian C. and {Pourbaix}, Dimitri and {Price}, Paul A. and {Purger}, Norbert and {Quinn}, Thomas and {Raddick}, M. Jordan and {Re Fiorentin}, Paola and {Richards}, Gordon T. and {Richmond}, Michael W. and {Riess}, Adam G. and {Rix}, Hans-Walter and {Rockosi}, Constance M. and {Sako}, Masao and {Schlegel}, David J. and {Schneider}, Donald P. and {Scholz}, Ralf-Dieter and {Schreiber}, Matthias R. and {Schwope}, Axel D. and {Seljak}, Uro{\v{s}} and {Sesar}, Branimir and {Sheldon}, Erin and {Shimasaku}, Kazu and {Sibley}, Valena C. and {Simmons}, A.~E. and {Sivarani}, Thirupathi and {Allyn Smith}, J. and {Smith}, Martin C. and {Smol{\v{c}}i{\'c}}, Vernesa and {Snedden}, Stephanie A. and {Stebbins}, Albert and {Steinmetz}, Matthias and {Stoughton}, Chris and {Strauss}, Michael A. and {SubbaRao}, Mark and {Suto}, Yasushi and {Szalay}, Alexander S. and {Szapudi}, Istv{\'a}n and {Szkody}, Paula and {Tanaka}, Masayuki and {Tegmark}, Max and {Teodoro}, Luis F.~A. and {Thakar}, Aniruddha R. and {Tremonti}, Christy A. and {Tucker}, Douglas L. and {Uomoto}, Alan and {Vanden Berk}, Daniel E. and {Vandenberg}, Jan and {Vidrih}, S. and {Vogeley}, Michael S. and {Voges}, Wolfgang and {Vogt}, Nicole P. and {Wadadekar}, Yogesh and {Watters}, Shannon and {Weinberg}, David H. and {West}, Andrew A. and {White}, Simon D.~M. and {Wilhite}, Brian C. and {Wonders}, Alainna C. and {Yanny}, Brian and {Yocum}, D.~R. and {York}, Donald G. and {Zehavi}, Idit and {Zibetti}, Stefano and {Zucker}, Daniel B.},
        title = "{The Seventh Data Release of the Sloan Digital Sky Survey}",
      journal = {The Astrophysical Journal Supplement},
     keywords = {atlases, catalogs, surveys, Astrophysics},
         year = 2009,
        month = jun,
       volume = {182},
       number = {2},
        pages = {543-558},
          doi = {10.1088/0067-0049/182/2/543},
archivePrefix = {arXiv},
       eprint = {0812.0649},
 primaryClass = {astro-ph},
       adsurl = {https://ui.adsabs.harvard.edu/abs/2009ApJS..182..543A},
      adsnote = {Provided by the SAO/NASA Astrophysics Data System}
}

@ARTICLE{Shanks2013,
       author = {{Shanks}, T. and {Belokurov}, V. and {Chehade}, B. and {Croom}, S.~M. and {Findlay}, J.~R. and {Gonzalez-Solares}, E. and {Irwin}, M.~J. and {Koposov}, S. and {Mann}, R.~G. and {Metcalfe}, N. and {Murphy}, D.~N.~A. and {Norberg}, P.~R. and {Read}, M.~A. and {Sutorius}, E. and {Worseck}, G.},
        title = "{VST ATLAS First Science Results}",
      journal = {The Messenger},
         year = 2013,
        month = dec,
       volume = {154},
        pages = {38-40},
       adsurl = {https://ui.adsabs.harvard.edu/abs/2013Msngr.154...38S},
      adsnote = {Provided by the SAO/NASA Astrophysics Data System}
}

@ARTICLE{DSouza2015,
       author = {{D'Souza}, Richard and {Vegetti}, Simona and {Kauffmann}, Guinevere},
        title = "{The massive end of the stellar mass function}",
      journal = {Monthly Notices of the Royal Astronomical Society},
     keywords = {Galaxy: abundances, Galaxy: evolution, Galaxy: formation, Astrophysics - Astrophysics of Galaxies},
         year = 2015,
        month = dec,
       volume = {454},
       number = {4},
        pages = {4027-4036},
          doi = {10.1093/mnras/stv2234},
archivePrefix = {arXiv},
       eprint = {1509.07418},
 primaryClass = {astro-ph.GA},
       adsurl = {https://ui.adsabs.harvard.edu/abs/2015MNRAS.454.4027D},
      adsnote = {Provided by the SAO/NASA Astrophysics Data System}
}

@ARTICLE{Vazquez2020,
       author = {{V{\'a}zquez-Mata}, J.~A. and {Loveday}, J. and {Riggs}, S.~D. and {Baldry}, I.~K. and {Davies}, L.~J.~M. and {Robotham}, A.~S.~G. and {Holwerda}, B.~W. and {Brown}, M.~J.~I. and {Cluver}, M.~E. and {Wang}, L. and {Alpaslan}, M. and {Bland-Hawthorn}, J. and {Brough}, S. and {Driver}, S.~P. and {Hopkins}, A.~M. and {Taylor}, E.~N. and {Wright}, A.~H.},
        title = "{Galaxy and mass assembly: luminosity and stellar mass functions in GAMA groups}",
      journal = {Monthly Notices of the Royal Astronomical Society},
     keywords = {galaxies: evolution, galaxies: groups: general, galaxies: luminosity function, mass function, Astrophysics - Astrophysics of Galaxies},
         year = 2020,
        month = nov,
       volume = {499},
       number = {1},
        pages = {631-652},
          doi = {10.1093/mnras/staa2889},
archivePrefix = {arXiv},
       eprint = {2009.08212},
 primaryClass = {astro-ph.GA},
       adsurl = {https://ui.adsabs.harvard.edu/abs/2020MNRAS.499..631V},
      adsnote = {Provided by the SAO/NASA Astrophysics Data System}
}

@ARTICLE{Rodriguez2020,
       author = {{Rodriguez}, Facundo and {Montero-Dorta}, Antonio D. and {Angulo}, Raul E. and {Artale}, M. Celeste and {Merch{\'a}n}, Manuel},
        title = "{The scaling relations and clustering properties of central and satellite galaxies}",
      journal = {arXiv e-prints},
     keywords = {Astrophysics - Astrophysics of Galaxies},
         year = 2020,
        month = oct,
          eid = {arXiv:2011.00014},
        pages = {arXiv:2011.00014},
archivePrefix = {arXiv},
       eprint = {2011.00014},
 primaryClass = {astro-ph.GA},
       adsurl = {https://ui.adsabs.harvard.edu/abs/2020arXiv201100014R},
      adsnote = {Provided by the SAO/NASA Astrophysics Data System}
}

@ARTICLE{Ahn2012,
       author = {{Ahn}, Christopher P. and {Alexandroff}, Rachael and {Allende Prieto}, Carlos and {Anderson}, Scott F. and {Anderton}, Timothy and {Andrews}, Brett H. and {Aubourg}, {\'E}ric and {Bailey}, Stephen and {Balbinot}, Eduardo and {Barnes}, Rory and {Bautista}, Julian and {Beers}, Timothy C. and {Beifiori}, Alessandra and {Berlind}, Andreas A. and {Bhardwaj}, Vaishali and {Bizyaev}, Dmitry and {Blake}, Cullen H. and {Blanton}, Michael R. and {Blomqvist}, Michael and {Bochanski}, John J. and {Bolton}, Adam S. and {Borde}, Arnaud and {Bovy}, Jo and {Brandt}, W.~N. and {Brinkmann}, J. and {Brown}, Peter J. and {Brownstein}, Joel R. and {Bundy}, Kevin and {Busca}, N.~G. and {Carithers}, William and {Carnero}, Aurelio R. and {Carr}, Michael A. and {Casetti-Dinescu}, Dana I. and {Chen}, Yanmei and {Chiappini}, Cristina and {Comparat}, Johan and {Connolly}, Natalia and {Crepp}, Justin R. and {Cristiani}, Stefano and {Croft}, Rupert A.~C. and {Cuesta}, Antonio J. and {da Costa}, Luiz N. and {Davenport}, James R.~A. and {Dawson}, Kyle S. and {de Putter}, Roland and {De Lee}, Nathan and {Delubac}, Timoth{\'e}e and {Dhital}, Saurav and {Ealet}, Anne and {Ebelke}, Garrett L. and {Edmondson}, Edward M. and {Eisenstein}, Daniel J. and {Escoffier}, S. and {Esposito}, Massimiliano and {Evans}, Michael L. and {Fan}, Xiaohui and {Femen{\'\i}a Castell{\'a}}, Bruno and {Fern{\'a}ndez Alvar}, Emma and {Ferreira}, Leticia D. and {Filiz Ak}, N. and {Finley}, Hayley and {Fleming}, Scott W. and {Font-Ribera}, Andreu and {Frinchaboy}, Peter M. and {Garc{\'\i}a-Hern{\'a}ndez}, D.~A. and {Garc{\'\i}a P{\'e}rez}, A.~E. and {Ge}, Jian and {G{\'e}nova-Santos}, R. and {Gillespie}, Bruce A. and {Girardi}, L{\'e}o and {Gonz{\'a}lez Hern{\'a}ndez}, Jonay I. and {Grebel}, Eva K. and {Gunn}, James E. and {Guo}, Hong and {Haggard}, Daryl and {Hamilton}, Jean-Christophe and {Harris}, David W. and {Hawley}, Suzanne L. and {Hearty}, Frederick R. and {Ho}, Shirley and {Hogg}, David W. and {Holtzman}, Jon A. and {Honscheid}, Klaus and {Huehnerhoff}, J. and {Ivans}, Inese I. and {Ivezi{\'c}}, {\v{Z}}eljko and {Jacobson}, Heather R. and {Jiang}, Linhua and {Johansson}, Jonas and {Johnson}, Jennifer A. and {Kauffmann}, Guinevere and {Kirkby}, David and {Kirkpatrick}, Jessica A. and {Klaene}, Mark A. and {Knapp}, Gillian R. and {Kneib}, Jean-Paul and {Le Goff}, Jean-Marc and {Leauthaud}, Alexie and {Lee}, Khee-Gan and {Lee}, Young Sun and {Long}, Daniel C. and {Loomis}, Craig P. and {Lucatello}, Sara and {Lundgren}, Britt and {Lupton}, Robert H. and {Ma}, Bo and {Ma}, Zhibo and {MacDonald}, Nicholas and {Mack}, Claude E. and {Mahadevan}, Suvrath and {Maia}, Marcio A.~G. and {Majewski}, Steven R. and {Makler}, Martin and {Malanushenko}, Elena and {Malanushenko}, Viktor and {Manchado}, A. and {Mandelbaum}, Rachel and {Manera}, Marc and {Maraston}, Claudia and {Margala}, Daniel and {Martell}, Sarah L. and {McBride}, Cameron K. and {McGreer}, Ian D. and {McMahon}, Richard G. and {M{\'e}nard}, Brice and {Meszaros}, Sz. and {Miralda-Escud{\'e}}, Jordi and {Montero-Dorta}, Antonio D. and {Montesano}, Francesco and {Morrison}, Heather L. and {Muna}, Demitri and {Munn}, Jeffrey A. and {Murayama}, Hitoshi and {Myers}, Adam D. and {Neto}, A.~F. and {Nguyen}, Duy Cuong and {Nichol}, Robert C. and {Nidever}, David L. and {Noterdaeme}, Pasquier and {Nuza}, Sebasti{\'a}n E. and {Ogando}, Ricardo L.~C. and {Olmstead}, Matthew D. and {Oravetz}, Daniel J. and {Owen}, Russell and {Padmanabhan}, Nikhil and {Palanque-Delabrouille}, Nathalie and {Pan}, Kaike and {Parejko}, John K. and {Parihar}, Prachi and {P{\^a}ris}, Isabelle and {Pattarakijwanich}, Petchara and {Pepper}, Joshua and {Percival}, Will J. and {P{\'e}rez-Fournon}, Ismael and {P{\'e}rez-R{\`a}fols}, Ignasi and {Petitjean}, Patrick and {Pforr}, Janine and {Pieri}, Matthew M. and {Pinsonneault}, Marc H. and {Porto de Mello}, G.~F. and {Prada}, Francisco and {Price-Whelan}, Adrian M. and {Raddick}, M. Jordan and {Rebolo}, Rafael and {Rich}, James and {Richards}, Gordon T. and {Robin}, Annie C. and {Rocha-Pinto}, Helio J. and {Rockosi}, Constance M. and {Roe}, Natalie A. and {Ross}, Ashley J. and {Ross}, Nicholas P. and {Rossi}, Graziano and {Rubi{\~n}o-Martin}, J.~A. and {Samushia}, Lado and {Sanchez Almeida}, J. and {S{\'a}nchez}, Ariel G. and {Santiago}, Bas{\'\i}lio and {Sayres}, Conor and {Schlegel}, David J. and {Schlesinger}, Katharine J. and {Schmidt}, Sarah J. and {Schneider}, Donald P. and {Schultheis}, Mathias and {Schwope}, Axel D. and {Sc{\'o}ccola}, C.~G. and {Seljak}, Uros and {Sheldon}, Erin and {Shen}, Yue and {Shu}, Yiping and {Simmerer}, Jennifer and {Simmons}, Audrey E. and {Skibba}, Ramin A. and {Skrutskie}, M.~F. and {Slosar}, A. and {Sobreira}, Flavia and {Sobeck}, Jennifer S. and {Stassun}, Keivan G. and {Steele}, Oliver and {Steinmetz}, Matthias and {Strauss}, Michael A. and {Streblyanska}, Alina and {Suzuki}, Nao and {Swanson}, Molly E.~C. and {Tal}, Tomer and {Thakar}, Aniruddha R. and {Thomas}, Daniel and {Thompson}, Benjamin A. and {Tinker}, Jeremy L. and {Tojeiro}, Rita and {Tremonti}, Christy A. and {Vargas Maga{\~n}a}, M. and {Verde}, Licia and {Viel}, Matteo and {Vikas}, Shailendra K. and {Vogt}, Nicole P. and {Wake}, David A. and {Wang}, Ji and {Weaver}, Benjamin A. and {Weinberg}, David H. and {Weiner}, Benjamin J. and {West}, Andrew A. and {White}, Martin and {Wilson}, John C. and {Wisniewski}, John P. and {Wood-Vasey}, W.~M. and {Yanny}, Brian and {Y{\`e}che}, Christophe and {York}, Donald G. and {Zamora}, O. and {Zasowski}, Gail and {Zehavi}, Idit and {Zhao}, Gong-Bo and {Zheng}, Zheng and {Zhu}, Guangtun and {Zinn}, Joel C.},
        title = "{The Ninth Data Release of the Sloan Digital Sky Survey: First Spectroscopic Data from the SDSS-III Baryon Oscillation Spectroscopic Survey}",
      journal = {The Astrophysical Journal Supplement},
     keywords = {atlases, catalogs, surveys, Astrophysics - Instrumentation and Methods for Astrophysics, Astrophysics - Cosmology and Nongalactic Astrophysics},
         year = 2012,
        month = dec,
       volume = {203},
       number = {2},
          eid = {21},
        pages = {21},
          doi = {10.1088/0067-0049/203/2/21},
archivePrefix = {arXiv},
       eprint = {1207.7137},
 primaryClass = {astro-ph.IM},
       adsurl = {https://ui.adsabs.harvard.edu/abs/2012ApJS..203...21A},
      adsnote = {Provided by the SAO/NASA Astrophysics Data System}
}

@ARTICLE{Gonzales2013,
       author = {{Gonzalez}, Anthony H. and {Sivanandam}, Suresh and {Zabludoff}, Ann I. and {Zaritsky}, Dennis},
        title = "{Galaxy Cluster Baryon Fractions Revisited}",
      journal = {The Astrophysical Journal},
     keywords = {galaxies: clusters: general, galaxies: elliptical and lenticular, cD, galaxies: evolution, galaxies: formation, galaxies: fundamental parameters, X-rays: galaxies: clusters, Astrophysics - Cosmology and Nongalactic Astrophysics},
         year = 2013,
        month = nov,
       volume = {778},
       number = {1},
          eid = {14},
        pages = {14},
          doi = {10.1088/0004-637X/778/1/14},
archivePrefix = {arXiv},
       eprint = {1309.3565},
 primaryClass = {astro-ph.CO},
       adsurl = {https://ui.adsabs.harvard.edu/abs/2013ApJ...778...14G},
      adsnote = {Provided by the SAO/NASA Astrophysics Data System}
}

@ARTICLE{Engler2021,
       author = {{Engler}, Christoph and {Pillepich}, Annalisa and {Joshi}, Gandhali D. and {Nelson}, Dylan and {Pasquali}, Anna and {Grebel}, Eva K. and {Lisker}, Thorsten and {Zinger}, Elad and {Donnari}, Martina and {Marinacci}, Federico and {Vogelsberger}, Mark and {Hernquist}, Lars},
        title = "{The distinct stellar-to-halo mass relations of satellite and central galaxies: insights from the IllustrisTNG simulations}",
      journal = {Monthly Notices of the Royal Astronomical Society},
     keywords = {galaxies: clusters: general, galaxies: evolution, galaxies: groups: general, galaxies: haloes, Astrophysics - Astrophysics of Galaxies},
         year = 2021,
        month = jan,
       volume = {500},
       number = {3},
        pages = {3957-3975},
          doi = {10.1093/mnras/staa3505},
archivePrefix = {arXiv},
       eprint = {2002.11119},
 primaryClass = {astro-ph.GA},
       adsurl = {https://ui.adsabs.harvard.edu/abs/2021MNRAS.500.3957E},
      adsnote = {Provided by the SAO/NASA Astrophysics Data System}
}

